@misc{straingaugeni,
  author = {National Instruments},
  title = {{Measuring Strain using Strain Gauges}},
  howpublished = "\url{http://www.ni.com/white-paper/3642/en/}",
  year = {2016}, 
  note = "[Online; accessed 20-March-2016]"
}

@misc{wheatstone,
author = {electrical4u},
title = {{Wheatstone Bridge Circuit Theory and Principles}},
howpublished = "\url{http://www.electrical4u.com/wheatstone-bridge-circuit-theory-and-principle/}",
year = {2011},
note = "[Online; accessed 20-March-2016]",
}

@book{mechengmat,
    author    = "PP Benham and RJ Crawford and CG Armstrong",
    title     = "Mechanics of Engineering Materials",
    year      = "1996",
    publisher = "Addison-Wesley Longman",
}

@book{bendingtheory,
	author = "JM Gere and SP Timoshenko",
    title = "Mechanics of Materials",
    year = "1997",
    publisher = "PWS Publishing Company",
}
